@book{lamport94ldp,
  address = {Reading, Mass.},
  author = {Lamport, Leslie},
  publisher = {Addison-Wesley Pub. Co.},
  title = {{\LaTeX: A Document Preparation System: User's Guide And Reference Manual}},
  year = 1994
}

@inproceedings{misund2009chase,
  title={Chase and catch-simple as that? old-fashioned fun of traditional playground games revitalized with location-aware mobile phones},
  author={Misund, Gunnar and Holone, Harald and Karlsen, Joakim and Tolsby, H{\aa}kon},
  booktitle={Proceedings of the International Conference on Advances in Computer Enterntainment Technology},
  pages={73--80},
  year={2009}
}

@mastersthesis{winger12e3s,
author = {Thomas Winger},
title = {{Evaluation of 3D Scene Graph APIs for Java}},
school = {{\O}stfold University College, School of Computer Sciences, Halden, Norway},
year = {2012}
}

@mastersthesis{jamissen12csp,
author = {Hanne-Gro Jamissen},
title = {{The Challenges to the Safety Process When Using Agile Development Models}},
school = {{\O}stfold University College, School of Computer Sciences, Halden, Norway},
year = {2012}
}



@mastersthesis{kjeldsen05cor,
author = {Linda Cecilie Kjeldsen},
title = {{Combining Orthogonal Range Search and Line Simplification Using Priority Search Trees}},
school = {{\O}stfold University College, School of Computer Sciences, Halden, Norway},
year = {2005}
}

@mastersthesis{nordenhaug11hmf,
author = {Espen A. Nordenhaug},
title = {{History Meets Future: The Use of Mobile Technology to Influence the User Experience in Museums}},
school = {{\O}stfold University College, School of Computer Sciences, Halden, Norway},
year = {2011}
}

@mastersthesis{killerud14sgs,
author = {William Killerud},
title = {{Smart grid, smart users:
The user experience and impact of a persuasive mobile electricity managing assistant}},
school = {{\O}stfold University College, School of Computer Sciences, Halden, Norway},
year = {2014}
}

@bachelorsthesis{akeriversen20bah,
author = {Aker-Iversen, Stian and
Christensen, Thomas and
Dragnes, Andrea Regine Heggem and 
Thunold, Håvard Horgen and
Sømme, Oskar Andre},
title = {{BookzBox: An app to help people trade books}},
school = {{\O}stfold University College, School of Computer Sciences, Halden, Norway},
year = {2020}
}


@book{perelman97mht,
 author = {Perelman, Leslie and Barrett, Edward},
 title = {{The Mayfield Handbook of Technical and Scientific Writing}},
 year = {1997},
 edition = {1.},
 publisher = {McGraw-Hill, Inc.},
 address = {New York, NY, USA}
}
